
@article{11,
 author = {Anonymous},
title = {https://www.edsys.in/students-attendance},

 year = 2019,
 number = 1
}

@misc{Alpher021,
author = {A. Alpher},
title = {Frobnication},
journal = {Journal of Foo},
volume = 12, 
number = 2, 
pages = {234--778}, 
year = 2002
}
@article{2,
 author = {Florian Schroff, Dmitry Kalenichenko, James Philbin},
title = {FaceNet: A Unified Embedding for Face Recognition and Clustering},

 year = 2015,
 number = 1
}



